@electronic{bouguet,
	Author = {Bouguet, Jean-Yves},
	Comment = {Camera Calibration Toolbox for Matlab},
	Keywords = {camera calibration},
	Posted-At = {2009-04-14 23:12:57},
	Title = {{Camera Calibration Toolbox for Matlab}},
	Url = {http://www.vision.caltech.edu/bouguetj/calib_doc/index.html#ref},
	Bdsk-Url-1 = {http://www.vision.caltech.edu/bouguetj/calib_doc/index.html#ref}
	}

@article{brown,
    author = {Brown, D. C.},
    citeulike-article-id = {8907126},
    journal = {Photometric Engineering},
    number = {3},
    pages = {444--462},
    posted-at = {2011-03-01 16:39:19},
    priority = {2},
    title = {{Decentering Distortion of Lenses}},
    volume = {32},
    year = {1966}
}  

@INPROCEEDINGS{divmodel,
author={Fitzgibbon, A.W.},
booktitle={Computer Vision and Pattern Recognition, 2001. CVPR 2001. Proceedings of the 2001 IEEE Computer Society Conference on}, title={{Simultaneous linear estimation of multiple view geometry and lens distortion}},
year={2001},
month={},
volume={1},
number={},
pages={ I-125 - I-132 vol.1},
keywords={ RANSAC-based matching loop; bundle-adjusted calibration grid data; fundamental matrix; homogeneous coordinates; linear estimation; matching constraints; multiple view geometry; natural scene; planar homography; quadratic eigenvalue problem; radial lens distortion; trifocal tensor; two-view point correspondences; uncalibrated stereo reconstruction; calibration; eigenvalues and eigenfunctions; image matching; lenses; matrix algebra;},
doi={10.1109/CVPR.2001.990465},
ISSN={1063-6919 },}

@InProceedings{barreto_09,
  author       = "Barreto, Jo√£o and Roquette, Jose and Sturm, Peter and Fonseca, Fernando",
  title        = "Automatic Camera Calibration Applied to Medical Endoscopy",
  booktitle    = "Proceedings of the 20th British Machine Vision Conference, London, UK",
  year         = "2009",
  url          = "http://perception.inrialpes.fr/Publications/2009/BRSF09"
}


@book{amarelo,
 author = {Ma, Yi and Soatto, Stefano and Kosecka, Jana and Sastry, S. Shankar},
 title = {An Invitation to 3-D Vision: From Images to Geometric Models},
 year = {2003},
 isbn = {0387008934},
 publisher = {SpringerVerlag},
 }


@article{barreto_06,
  author = {Barreto,, Joao P.},
  title = {A unifying geometric representation for central projection systems},
  journal = {Comput. Vis. Image Underst.},
  volume = {103},
  number = {3},
  year = {2006},
  issn = {1077-3142},
  pages = {208--217},
  doi = {http://dx.doi.org/10.1016/j.cviu.2006.06.003},
  publisher = {Elsevier Science Inc.},
  address = {New York, NY, USA},
  url={http://www.isr.uc.pt/\textasciitilde jpbar/}
}

@MastersThesis{melo,
    author     =     {Melo, Rui},
    title     =     {Interfaces and Visualization in Clinical Endoscopy},
    school     =     {Faculdade de Ci\^encias e Tecnologia da Universidade de Coimbra},
    address     =     {Portugal},
    year     =     {2009},
    month     =     {June},
}